<?xml version="1.0" encoding="UTF-8"?><collection xmlns="http://www.loc.gov/MARC21/slim"><record><leader>00366nam--2200133-i-4500</leader><controlfield tag="001">000028787</controlfield><controlfield tag="002">20161230</controlfield><controlfield tag="005">20161230201037</controlfield><controlfield tag="008">060222s1000------------r-----000-0-eng-d</controlfield><datafield ind1=" " ind2=" " tag="080"><subfield code="a">621.374.3</subfield></datafield><datafield ind1=" " ind2=" " tag="100"><subfield code="a">Leach, Donald P., Malvino, Albert Paul</subfield></datafield><datafield ind1=" " ind2=" " tag="245"><subfield code="a">Digital principles and applications</subfield></datafield><datafield ind1=" " ind2=" " tag="260"><subfield code="a">New York, Mcgraw-hill Book C.,1969. Ix + 433p</subfield></datafield><datafield ind1=" " ind2=" " tag="852"><subfield code="a">32874</subfield></datafield></record></collection>